<record><leader>00000cas a2200000 a 4500</leader><controlfield tag="001">11192150</controlfield><controlfield tag="008">840924d188u1906nyudn ne      0    0eng c</controlfield><datafield ind1=" " ind2=" " tag="010"><subfield code="a">sn 84031619 </subfield></datafield><datafield ind1=" " ind2=" " tag="040"><subfield code="a">NYG</subfield><subfield code="b">eng</subfield><subfield code="c">NYG</subfield><subfield code="d">NYS</subfield><subfield code="d">OCLCQ</subfield><subfield code="d">NYG</subfield><subfield code="d">OCLCQ</subfield><subfield code="d">OCLCO</subfield></datafield><datafield ind1="1" ind2=" " tag="029"><subfield code="a">AU@</subfield><subfield code="b">000026353808</subfield></datafield><datafield ind1=" " ind2=" " tag="042"><subfield code="a">pcc</subfield></datafield><datafield ind1=" " ind2=" " tag="043"><subfield code="a">n-us-ny</subfield></datafield><datafield ind1="0" ind2=" " tag="130"><subfield code="a">Morning times (Hornell, N.Y.)</subfield></datafield><datafield ind1="1" ind2="4" tag="245"><subfield code="a">The morning times.</subfield></datafield><datafield ind1=" " ind2=" " tag="260"><subfield code="a">Hornellsville, N.Y. :</subfield><subfield code="b">J.S. Dolson,</subfield><subfield code="c">-1906.</subfield></datafield><datafield ind1=" " ind2=" " tag="300"><subfield code="a">v. :</subfield><subfield code="b">ill. ;</subfield><subfield code="c">60 cm.</subfield></datafield><datafield ind1=" " ind2=" " tag="310"><subfield code="a">Daily (except Sunday)</subfield></datafield><datafield ind1="0" ind2=" " tag="362"><subfield code="a">-v. 28, no. 271 (Nov. 13, 1906).</subfield></datafield><datafield ind1="1" ind2=" " tag="362"><subfield code="a">Began in 1885?</subfield></datafield><datafield ind1=" " ind2=" " tag="580"><subfield code="a">Weekly eds.: Weekly times (Hornell, N.Y.), &lt;1883&gt;-1890; Hornellsville times, 1890-&lt;1902&gt;.</subfield></datafield><datafield ind1=" " ind2=" " tag="588"><subfield code="a">Description based on: Vol. 8, no. 3135 (Jan. 25, 1888).</subfield></datafield><datafield ind1=" " ind2="0" tag="651"><subfield code="a">Hornell (N.Y.)</subfield><subfield code="v">Newspapers.</subfield></datafield><datafield ind1=" " ind2="0" tag="651"><subfield code="a">Steuben County</subfield><subfield code="v">Newspapers.</subfield></datafield><datafield ind1=" " ind2=" " tag="752"><subfield code="a">United States</subfield><subfield code="b">New York</subfield><subfield code="c">Steuben</subfield><subfield code="d">Hornell.</subfield></datafield><datafield ind1=" " ind2=" " tag="752"><subfield code="a">United States</subfield><subfield code="b">New York</subfield><subfield code="c">Steuben</subfield><subfield code="d">Hornellsville.</subfield></datafield><datafield ind1="1" ind2=" " tag="775"><subfield code="t">Weekly times (Hornell, N.Y.)</subfield><subfield code="w">(DLC)sn 93063735</subfield></datafield><datafield ind1="1" ind2=" " tag="775"><subfield code="t">Hornellsville times</subfield><subfield code="w">(DLC)sn 92061656</subfield></datafield><datafield ind1="0" ind2="0" tag="780"><subfield code="t">Hornell daily times (Hornell, N.Y. : 1877)</subfield><subfield code="w">(DLC)sn 84031616</subfield><subfield code="w">(OCoLC)11192172</subfield></datafield><datafield ind1="0" ind2="0" tag="785"><subfield code="t">Hornell daily times (Hornell, N.Y. : 1906)</subfield><subfield code="w">(DLC)sn 84031620</subfield><subfield code="w">(OCoLC)11205171</subfield></datafield></record>